@inproceedings{sarwar2002,
  title={{Incremental singular value decomposition algorithms for highly scalable recommender systems}},
  author={Sarwar, Badrul and Karypis, George and Konstan, Joseph and Riedl, John},
  booktitle={Fifth International Conference on Computer and Information Science},
  pages={27--28},
  year={2002},
  organization={Citeseer}
}

@misc{slides,
  author = {Antulov-Fantulin, Nino},
  institution = {Rudjer Boskovic Institute},
  year = {2011},
  title = {{Application of Dimensionality Reduction (SVD) in Collaborative Filtering}}
}

@misc{revoR,
  title={{The Netflix Prize, Big Data, SVD and R}},
  author={Smith, David},
  year={2011},
  howpublished={http://blog.revolutionanalytics.com/2011/05/the-neflix-prize-big-data-svd-and-r.html}
}

@book{recipes2007,
  title={{Numerical recipes 3rd edition: The art of scientific computing}},
  author={Press, William H},
  year={2007},
  publisher={{Cambridge University Press}}
}

@article{golub1970,
  title={Singular value decomposition and least squares solutions},
  author={Golub, Gene H and Reinsch, Christian},
  journal={Numerische Mathematik},
  volume={14},
  number={5},
  pages={403--420},
  year={1970},
  publisher={Springer}
}
